<record><leader>00000cas a22000007a 4500</leader><controlfield tag="001">9547945</controlfield><controlfield tag="008">830526d184418uumauwr ne      0    0eng d</controlfield><datafield ind1=" " ind2=" " tag="010"><subfield code="a">sn 83020773 </subfield></datafield><datafield ind1=" " ind2=" " tag="040"><subfield code="a">NPX</subfield><subfield code="b">eng</subfield><subfield code="c">NPX</subfield><subfield code="d">MGN</subfield><subfield code="d">UBY</subfield><subfield code="d">KRTAS</subfield><subfield code="d">OCLCQ</subfield><subfield code="d">OCLCF</subfield><subfield code="d">OCLCO</subfield></datafield><datafield ind1=" " ind2=" " tag="042"><subfield code="a">msc</subfield></datafield><datafield ind1=" " ind2=" " tag="043"><subfield code="a">n-us-ma</subfield></datafield><datafield ind1="1" ind2="4" tag="050"><subfield code="a">AN</subfield><subfield code="b">.B43x</subfield></datafield><datafield ind1="0" ind2=" " tag="130"><subfield code="a">Beacon of liberty (Taunton, Mass.)</subfield></datafield><datafield ind1="1" ind2="0" tag="245"><subfield code="a">Beacon of liberty.</subfield></datafield><datafield ind1=" " ind2=" " tag="260"><subfield code="a">Taunton, Mass. :</subfield><subfield code="b">Hack &amp; Bradbury</subfield></datafield><datafield ind1=" " ind2=" " tag="300"><subfield code="a">v. ;</subfield><subfield code="c">46 cm.</subfield></datafield><datafield ind1=" " ind2=" " tag="310"><subfield code="a">Weekly</subfield></datafield><datafield ind1="1" ind2=" " tag="362"><subfield code="a">Began with June 8, 1844 issue.</subfield></datafield><datafield ind1=" " ind2=" " tag="500"><subfield code="a">Publisher, printer, and proprietor: Hack &amp; King, &lt;Nov. 29, 1845&gt;.</subfield></datafield><datafield ind1=" " ind2=" " tag="588"><subfield code="a">Description based on: Vol. 1, no. 2 (June 15, 1844).</subfield></datafield><datafield ind1="1" ind2="0" tag="600"><subfield code="a">Smith, Joseph,</subfield><subfield code="c">Jr.,</subfield><subfield code="d">1805-1844</subfield><subfield code="x">Assassination.</subfield></datafield><datafield ind1=" " ind2="0" tag="650"><subfield code="a">Abolitionists</subfield><subfield code="z">Massachusetts.</subfield></datafield><datafield ind1="1" ind2="7" tag="600"><subfield code="a">Smith, Joseph,</subfield><subfield code="c">Jr.,</subfield><subfield code="d">1805-1844.</subfield><subfield code="2">fast</subfield><subfield code="0">(OCoLC)fst01801593</subfield></datafield><datafield ind1=" " ind2="7" tag="650"><subfield code="a">Abolitionists.</subfield><subfield code="2">fast</subfield><subfield code="0">(OCoLC)fst00794478</subfield></datafield><datafield ind1=" " ind2="7" tag="650"><subfield code="a">Assassination.</subfield><subfield code="2">fast</subfield><subfield code="0">(OCoLC)fst00818962</subfield></datafield><datafield ind1=" " ind2="7" tag="651"><subfield code="a">Massachusetts.</subfield><subfield code="2">fast</subfield><subfield code="0">(OCoLC)fst01204307</subfield></datafield><datafield ind1=" " ind2=" " tag="752"><subfield code="a">United States</subfield><subfield code="b">Massachusetts</subfield><subfield code="c">Bristol</subfield><subfield code="d">Taunton.</subfield></datafield><datafield ind1=" " ind2=" " tag="938"><subfield code="a">Kirtas Technologies, Inc.</subfield><subfield code="b">KRTS</subfield><subfield code="n">736766</subfield></datafield></record>